@book{kothari2004research,
  title={Research methodology: Methods and techniques},
  author={Kothari, Chakravanti Rajagopalachari},
  year={2004},
  publisher={New Age International}
}

@book{newman1998qualitative,
  title={Qualitative-quantitative research methodology: Exploring the interactive continuum},
  author={Newman, Isadore and Benz, Carolyn R},
  year={1998},
  publisher={SIU Press}
}

@book{kleinbaum1982epidemiologic,
  title={Epidemiologic research: principles and quantitative methods},
  author={Kleinbaum, David G and Kupper, Lawrence L and Morgenstern, Hal},
  year={1982},
  publisher={John Wiley \& Sons}
}

@book{creswell2013research,
  title={Research design: Qualitative, quantitative, and mixed methods approaches},
  author={Creswell, John W},
  year={2013},
  publisher={Sage publications}
}