@MISC{SKAsite,
	title 			= {The SKA Project},
	note 			= "Accessed on: 21/02/2016",
	howpublished 	= "\url{http://www.ska.ac.za/about/project.php}",
}

@inproceedings{subhlok1993exploiting,
  	title			= {Exploiting task and data parallelism on a multicomputer},
  	author			= {Subhlok, Jaspal and Stichnoth, James M and O'hallaron, David R and Gross, Thomas},
  	booktitle		= {ACM SIGPLAN Notices},
  	volume			= {28},
  	number			= {7},
  	pages			= {13--22},
  	year			= {1993},
  	organization	= {ACM}
}

@MISC{nvidia_cuda,
	title 			= {CUDA},
	note 			= "Accessed on: 22/02/2016",
	howpublished 	= "\url{http://www.nvidia.com/object/cuda_home_new.html}",
}

@book{rajan2013informatics,
  	title		= {Informatics for materials science and engineering: data-driven discovery for accelerated experimentation and application},
  	author		= {Rajan, Krishna},
  	year		= {2013},
  	publisher	= {Butterworth-Heinemann},
  	pages		= {318--323},
}

@incollection{vuduc2013brief,
	title		= {A Brief History and Introduction to GPGPU},
  	author		= {Vuduc, Richard and Choi, Jee},
  	booktitle	= {Modern Accelerator Technologies for Geographic Information Science},
  	pages		= {9--23},
  	year		= {2013},
  	publisher	= {Springer}
}