@misc{karathy,
  title = "Andrej Karapthy",
  url = "http://cs.stanford.edu/people/karpathy/,
  note = "Accessed: 2016-02-16"
}

@misc{ng,
  title = "Andrew Ng",
  url = "http://www.andrewng.org/about/",
  note = "Accessed: 2016-02-16"
}